<record><leader>00000cas a22000007a 4500</leader><controlfield tag="001">17576955</controlfield><controlfield tag="008">880304d19741982lauwr ne      0    0eng d</controlfield><datafield ind1=" " ind2=" " tag="010"><subfield code="a">sn 88064231 </subfield></datafield><datafield ind1=" " ind2=" " tag="040"><subfield code="a">LNP</subfield><subfield code="b">eng</subfield><subfield code="c">LNP</subfield><subfield code="d">OCLCQ</subfield></datafield><datafield ind1=" " ind2=" " tag="042"><subfield code="a">msc</subfield></datafield><datafield ind1="0" ind2=" " tag="130"><subfield code="a">Enterprise (Mansfield, La. : 1974)</subfield></datafield><datafield ind1="1" ind2="4" tag="245"><subfield code="a">The Enterprise.</subfield></datafield><datafield ind1="1" ind2="7" tag="246"><subfield code="a">Mansfield enterprise</subfield></datafield><datafield ind1=" " ind2=" " tag="260"><subfield code="a">Mansfield, La. :</subfield><subfield code="b">Mansfield Pub. Co.</subfield></datafield><datafield ind1=" " ind2=" " tag="310"><subfield code="a">Weekly</subfield></datafield><datafield ind1="0" ind2=" " tag="362"><subfield code="a">Vol. 69, no. 37 (Mar. 19 [i.e. 20], 1974)-v. 79, no. 10 (Sept. 6, 1982).</subfield></datafield><datafield ind1=" " ind2=" " tag="752"><subfield code="a">United States</subfield><subfield code="b">Louisiana</subfield><subfield code="c">De Soto</subfield><subfield code="d">Mansfield.</subfield></datafield><datafield ind1="0" ind2="0" tag="780"><subfield code="t">Mansfield enterprise (Mansfield, La. : 1971)</subfield><subfield code="w">(DLC)sn 88064230</subfield></datafield><datafield ind1="0" ind2="0" tag="785"><subfield code="t">Mansfield enterprise (Mansfield, La. : 1982)</subfield><subfield code="w">(DLC)sn 89059405</subfield></datafield></record>